@article{jacobsen2005drives,
    title = {What drives house prices?},
    author = {Jacobsen, Dag Henning and Naug, Bj{\o}rn E},
    year = {2005},
    publisher = {Norges Bank},
}
@article{dubin1998predicting,
    title = {Predicting house prices using multiple listings data},
    author = {Dubin, Robin A},
    journal = {The Journal of Real Estate Finance and Economics},
    volume = {17},
    pages = {35--59},
    year = {1998},
    publisher = {Springer},
}

